@misc{startertutorials_IoT_methodology,
  title        = {IoT Design Methodology – IoT Tutorial for Beginners},
  author       = {Startertutorials.com},
  howpublished = {\url{https://www.startertutorials.com/blog/iot-design-methodology.html}},
  note         = {Accessed August 2025},
}
@incollection{achtaich2021guidelines,
  author       = {Asmaa Achtaich and Camille Salinesi and Nissrine Souissi and Ounsa Roudies and Raul Mazo},
  title        = {Guidelines for the Specification of IoT Requirements: A Smart Cars Case},
  booktitle    = {IoT Protocols and Applications for Improving Industry, Environment, and Society},
  year         = {2021},
  note         = {HAL preprint version, submitted February 11, 2022},
  url          = {https://hal.science/hal-03566030/document}
}
@misc{wang_iot_devices_security_2024,
  title        = {Security Technical Specification for Smart Devices of IoT},
  author       = {Wang, B. and Wang, X. and Wan, L. and Xu, W.Y. and Wang, C.H. and Yan, H.N. and Xie, Y.H.},
  howpublished = {IETF Internet-Draft},
  note         = {draft-wang-iot-devices-security-06, published 20 October 2024; expires 23 April 2025; intended Standards Track},
  year         = {2024}
}
@misc{yamini_home_intrusion_2016,
  author       = {Yamini},
  title        = {Home-Intrusion Detection System},
  howpublished = {Blog post, *IOT – A Smarter Planet*},
  month        = may,
  year         = {2016},
  note         = {Posted May 5, 2016; accessed August 2025},
  url          = {https://iotasmarterplanet.wordpress.com/2016/05/05/home-intrusion-detection-system/}
}
@article{design_implementation_smart_home_IoT_2024,
  title        = {Design and implementation of smart home system based on {IoT}},
  journal      = {Internet of Things and Cyber-Physical Systems},
  year         = {2024},
  note         = {ScienceDirect, Article ID S2590123024016621},
  url          = {https://www.sciencedirect.com/science/article/pii/S2590123024016621}
}

@misc{seerangan_domain_specific_iot_home_automation_2022,
  author       = {Selvaraj Seerangan},
  title        = {Unit 2 – 9.0 – Domain Specific IoT: Home Automation},
  howpublished = {SlideShare presentation},
  month        = may,
  year         = {2022},
  note         = {Outlines a 10-step IoT design methodology applied to smart home automation; accessed August 2025},
  url          = {https://www.slideshare.net/slideshow/ppt-unit-2-90-domain-specific-iot-home-automationpdf/251790890}
}
@misc{tipirisetty_home_automation_case_study_2025,
  author       = {Bhargava Tipirisetty (uploader)},
  title        = {Home Automation Case Study},
  howpublished = {Scribd document},
  year         = {2025},
  note         = {Describes an 11-step IoT design methodology for home automation; accessed August 2025},
  url          = {https://www.scribd.com/document/447049263/Home-Automation-Case-Study-pdf}
}
@misc{sharma_iot_based_smart_home_automation_2020,
  author       = {Sharma, R. and Soni, S. and Sharma, A. and Kumar, N.},
  title        = {IoT Based Smart Home Automation System},
  howpublished = {IETE Technical Review},
  volume       = {37},
  number       = {2},
  pages        = {162--169},
  month        = mar,
  year         = {2020},
  doi          = {10.1080/02564602.2019.1709833},
  url          = {https://doi.org/10.1080/02564602.2019.1709833}
}
@article{article_S266729522100026X,
  title        = {Article Title Unknown — Identifier S266729522100026X},
  author       = {{Unknown}},
  journal      = {ScienceDirect Journal (unspecified)},
  year         = {2021?},
  note         = {Article with identifier S266729522100026X; accessed via ScienceDirect},
  url          = {https://www.sciencedirect.com/science/article/pii/S266729522100026X}
}
@misc{zwemer_smart_home_iot_part2_2015,
  author       = {Zwemer, Dirk},
  title        = {Smart Home Internet of Things (IoT) Part 2 – Functional Design to Procurement},
  howpublished = {Blog post, Intercax},
  month        = dec,
  day          = 20,
  year         = {2015},
  note         = {Accessed August 2025},
  url          = {https://intercax.com/blog/2015/12/20/smart-home-iot-2}
}
@misc{cisco_gateway,
  title        = {What is a Network Gateway?},
  author       = {{Cisco Systems}},
  year         = {2025},
  howpublished = {\url{https://www.cisco.com/site/us/en/learn/topics/networking/what-is-a-network-gateway.html}},
  note         = {Accessed: 2025-08-30}
}
@misc{cisco_packettracer_iot,
  title        = {Packet Tracer – Control IoT Devices},
  author       = {{Cisco Systems}},
  year         = {2019},
  howpublished = {\url{https://contenthub.netacad.com/legacy/ITE/7.01/en/course/files/6.1.5.3%20Packet%20Tracer%20-%20Control%20IoT%20Devices.pdf}},
  note         = {Accessed: 2025-08-30},
}
